<?xml version="1.0" encoding="UTF-8"?><record xmlns="http://www.loc.gov/MARC21/slim" xmlns:cinclude="http://apache.org/cocoon/include/1.0" xmlns:zs="http://www.loc.gov/zing/srw/">
  <leader>00322nz  a2200121n  4500</leader>
  <controlfield tag="001">n  99007980 </controlfield>
  <controlfield tag="003">DLC</controlfield>
  <controlfield tag="005">19990129153138.8</controlfield>
  <controlfield tag="008">990129n| acannaab|          |n aaa |||  </controlfield>
  <datafield tag="010" ind1=" " ind2=" ">
    <subfield code="a">n  99007980 </subfield>
  </datafield>
  <datafield tag="040" ind1=" " ind2=" ">
    <subfield code="a">DLC</subfield>
    <subfield code="b">eng</subfield>
    <subfield code="c">DLC</subfield>
  </datafield>
  <datafield tag="100" ind1="1" ind2=" ">
    <subfield code="a">Matijević, Nikola</subfield>
  </datafield>
  <datafield tag="670" ind1=" " ind2=" ">
    <subfield code="a">Bespuća karakterne zbilje, 1993:</subfield>
    <subfield code="b">t.p. (Nikola Matijević)</subfield>
  </datafield>
</record>